


@ARTICLE{Ronneberger2015-sv,
  title         = "{U-Net}: Convolutional Networks for Biomedical Image
                   Segmentation",
  author        = "Ronneberger, Olaf and Fischer, Philipp and Brox, Thomas",
  month         =  may,
  year          =  2015,
  url           = "http://arxiv.org/abs/1505.04597",
  archivePrefix = "arXiv",
  eprint        = "1505.04597",
  primaryClass  = "cs.CV",
  arxivid       = "1505.04597"
}

@ARTICLE{Shelhamer2017-rf,
  title    = "Fully Convolutional Networks for Semantic Segmentation",
  author   = "Shelhamer, Evan and Long, Jonathan and Darrell, Trevor",
  journal  = "IEEE transactions on pattern analysis and machine intelligence",
  volume   =  39,
  number   =  4,
  pages    = "640--651",
  month    =  apr,
  year     =  2017,
  url      = "http://dx.doi.org/10.1109/TPAMI.2016.2572683",
  language = "en",
  issn     = "0162-8828",
  pmid     = "27244717",
  doi      = "10.1109/TPAMI.2016.2572683"
}


@INPROCEEDINGS{Noh2015-ni,
  title     = "Learning deconvolution network for semantic segmentation",
  booktitle = "Proceedings of the {IEEE} International Conference on Computer
               Vision",
  author    = "Noh, Hyeonwoo and Hong, Seunghoon and Han, Bohyung",
  publisher = "IEEE",
  pages     = "1520--1528",
  year      =  2015,
  url       = "https://www.cv-foundation.org/openaccess/content_iccv_2015/papers/Noh_Learning_Deconvolution_Network_ICCV_2015_paper.pdf",
  address   = "New York"
}




@ARTICLE{Badrinarayanan2017-il,
  title    = "{SegNet}: A Deep Convolutional {Encoder-Decoder} Architecture for
              Image Segmentation",
  author   = "Badrinarayanan, Vijay and Kendall, Alex and Cipolla, Roberto",
  journal  = "IEEE transactions on pattern analysis and machine intelligence",
  volume   =  39,
  number   =  12,
  pages    = "2481--2495",
  month    =  dec,
  year     =  2017,
  url      = "http://dx.doi.org/10.1109/TPAMI.2016.2644615",
  language = "en",
  issn     = "0162-8828",
  pmid     = "28060704",
  doi      = "10.1109/TPAMI.2016.2644615"
}


@MISC{Mnih2013-dp,
  title  = "Mnih Massachusetts Roads Dataset",
  author = "Mnih, Volodymyr",
  year   =  2013,
  url    = "http://academictorrents.com/details/3b17f08ed5027ea24db04f460b7894d913f86c21"
}


@ARTICLE{Kaiser2017-np,
  title   = "Learning Aerial Image Segmentation From Online Maps",
  author  = "Kaiser, P and Wegner, J D and Lucchi, A and Jaggi, M and Hofmann,
             T and Schindler, K",
  journal = "IEEE transactions on geoscience and remote sensing: a publication
             of the IEEE Geoscience and Remote Sensing Society",
  volume  =  55,
  number  =  11,
  pages   = "6054--6068",
  month   =  nov,
  year    =  2017,
  url     = "http://dx.doi.org/10.1109/TGRS.2017.2719738",
  issn    = "0196-2892",
  doi     = "10.1109/TGRS.2017.2719738"
}




@ARTICLE{Zhang2017-gi,
  title         = "Road Extraction by Deep Residual {U-Net}",
  author        = "Zhang, Zhengxin and Liu, Qingjie and Wang, Yunhong",
  month         =  nov,
  year          =  2017,
  url           = "http://arxiv.org/abs/1711.10684",
  archivePrefix = "arXiv",
  eprint        = "1711.10684",
  primaryClass  = "cs.CV",
  arxivid       = "1711.10684"
}


@ARTICLE{Borovec2017-fz,
  title     = "Region growing using superpixels with learned shape prior",
  author    = "Borovec, Ji{\v r}{\'\i} and Kybic, Jan and Sugimoto, Akihiro",
  journal   = "Journal of Electronic Imaging",
  publisher = "International Society for Optics and Photonics",
  volume    =  26,
  number    =  6,
  pages     = "061611",
  month     =  nov,
  year      =  2017,
  url       = "https://www.spiedigitallibrary.org/journals/Journal-of-Electronic-Imaging/volume-26/issue-6/061611/Region-growing-using-superpixels-with-learned-shape-prior/10.1117/1.JEI.26.6.061611.short",
  issn      = "1017-9909, 1560-229X",
  doi       = "10.1117/1.JEI.26.6.061611"
}


@misc{OpenStreetMap,
   author = {{OpenStreetMap contributors}},
   title = {{Planet dump retrieved from https://planet.osm.org }},
   howpublished = "\url{ https://www.openstreetmap.org }",
   year = {2017},
 }
 
@article{hartigan1979algorithm,
 title={Algorithm AS 136: A k-means clustering algorithm},
 author={Hartigan, John A and Wong, Manchek A},
 journal={Journal of the Royal Statistical Society. Series C (Applied Statistics)},
 volume={28},
 number={1},
 pages={100--108},
 year={1979},
 publisher={JSTOR}
}

@article{jordan1999introduction,
	title={An introduction to variational methods for graphical models},
	author={Jordan, Michael I and Ghahramani, Zoubin and Jaakkola, Tommi S and Saul, Lawrence K},
	journal={Machine learning},
	volume={37},
	number={2},
	pages={183--233},
	year={1999},
	publisher={Springer}
}


@INPROCEEDINGS{Rother2004-ou,
  title       = "Grabcut: Interactive foreground extraction using iterated
                 graph cuts",
  booktitle   = "{ACM} transactions on graphics ({TOG})",
  author      = "Rother, Carsten and Kolmogorov, Vladimir and Blake, Andrew",
  volume      =  23,
  pages       = "309--314",
  institution = "ACM",
  year        =  2004
}


@ARTICLE{ActiveContou09, 
author={B. Al-Diri and A. Hunter and D. Steel}, 
journal={IEEE Transactions on Medical Imaging}, 
title={An Active Contour Model for Segmenting and Measuring Retinal Vessels}, 
year={2009}, 
volume={28}, 
number={9}, 
pages={1488-1497}, 
keywords={blood vessels;eye;image segmentation;medical image processing;neural nets;Ribbon of Twins active contour model;generalized morphological order filter;implicit neural cost function;junction configurations;network topology;retinal vessel measurement;retinal vessel segmentation;vessel centerline approximation;Active contours;Electrostatic precipitators;Filters;Informatics;Measurement errors;Network topology;Retinal vessels;Robustness;Shape measurement;Steel;Parametric active contour;retinal vessel segmentation;Algorithms;Databases, Factual;Humans;Image Processing, Computer-Assisted;Models, Theoretical;Retinal Vessels}, 
doi={10.1109/TMI.2009.2017941}, 
ISSN={0278-0062}, 
month={Sept},}

@ARTICLE{Achanta2012-ah,
  title    = "{SLIC} superpixels compared to state-of-the-art superpixel
              methods",
  author   = "Achanta, Radhakrishna and Shaji, Appu and Smith, Kevin and
              Lucchi, Aurelien and Fua, Pascal and S{\"u}sstrunk, Sabine",
  journal  = "IEEE transactions on pattern analysis and machine intelligence",
  volume   =  34,
  number   =  11,
  pages    = "2274--2282",
  month    =  nov,
  year     =  2012,
  url      = "http://dx.doi.org/10.1109/TPAMI.2012.120",
  language = "en",
  issn     = "0162-8828",
  pmid     = "22641706",
  doi      = "10.1109/TPAMI.2012.120"
}


@ARTICLE{blood_vessels, 
author={D. Marin and A. Aquino and M. E. Gegundez-Arias and J. M. Bravo}, 
journal={IEEE Transactions on Medical Imaging}, 
title={A New Supervised Method for Blood Vessel Segmentation in Retinal Images by Using Gray-Level and Moment Invariants-Based Features}, 
year={2011}, 
volume={30}, 
number={1}, 
pages={146-158}, 
keywords={blood vessels;eye;image segmentation;medical image processing;neural nets;7D vector;DRIVE database;STARE database;blood vessel segmentation;digital retinal image;early diabetic retinopathy detection;gray level;moment invariants based feature;neural network;pixel classification;supervised method;Application software;Biomedical imaging;Blood vessels;Computer networks;Image databases;Image segmentation;Neural networks;Retina;Spatial databases;Testing;Diabetic retinopathy;moment invariants;retinal imaging;telemedicine;vessels segmentation;Algorithms;Databases, Factual;Diabetic Retinopathy;Fluorescein Angiography;Humans;Image Enhancement;Image Interpretation, Computer-Assisted;Information Storage and Retrieval;Pattern Recognition, Automated;Reproducibility of Results;Retinal Vessels;Sensitivity and Specificity}, 
doi={10.1109/TMI.2010.2064333}, 
ISSN={0278-0062}, 
month={Jan},}


@INPROCEEDINGS{road_detect, 
author={X. Guo and D. Dean and S. Denman and C. Fookes and S. Sridharan}, 
booktitle={2011 International Conference on Digital Image Computing: Techniques and Applications}, 
title={Evaluating Automatic Road Detection across a Large Aerial Imagery Collection}, 
year={2011}, 
pages={140-145}, 
keywords={geophysical image processing;protocols;roads;surveillance;terrain mapping;automated extraction;automatic road detection;change detection;colour features;geometric features;improved automatic seed finding technique;large aerial imagery collection;public database;road extraction algorithms;standard evaluation protocols;Databases;Detection algorithms;Feature extraction;Image color analysis;Roads;Tiles;Wheels}, 
doi={10.1109/DICTA.2011.30}, 
month={Dec},}



@INPROCEEDINGS{femiani2009interval,
  title      = "Interval {HSV}: Extracting ink annotations",
  booktitle  = "2009 {IEEE} Conference on Computer Vision and Pattern
                Recognition",
  author     = "Femiani, J C and Razdan, A",
  publisher  = "IEEE",
  pages      = "2520--2527",
  month      =  jun,
  year       =  2009,
  url        = "http://dx.doi.org/10.1109/CVPR.2009.5206554",
  address    = "Miami, FL",
  conference = "CVPR 2009",
  issn       = "1063-6919",
  doi        = "10.1109/CVPR.2009.5206554"
}



@article{femiani2007road,
  title={Road network extraction and intersection detection from aerial images by tracking road footprints},
  author={Hu, Jiuxiang and Razdan, Anshuman and Femiani, John C and Cui, Ming and Wonka, Peter},
  journal={IEEE Transactions on Geoscience and Remote Sensing},
  volume={45},
  number={12},
  pages={4144--4157},
  year={2007},
  publisher={IEEE}
}
